@BOOK{Faustino-2014,
	author={Feliciano Giustino},
	title={{Density Functional Theory, properties and predictions}},
	publisher={Oxford university},
	year={2014}
}
@article{Born-opp-1927,
	author={Max Born and J.Robert Oppenheimer},
	title={{Zur Quantentheorie der Molekeln}},
	journal={Ann. Physik},
	year={1927}
}
@book{MB-2015,
	author={Friedhelm Bechstedt},
	title={{Many-Body Approach to Electronic Excitations, concepts and applictions}},
	publisher={Springer},
	series={Springer Series in Solid-State Sciences},
	volume={181},
	year={2015}
}
@book{Martin-2004,
	author={Richard Martin},
	title={{Electronic Structure, Basic methods and practical applicaions}},
	publisher={Cambridge University Press},
	year={2004}
}
@book{Jo-Ko2006,
	author={Jorge Kohanoff},
	title={{Electronic Structure calcultions for solids and molecules: Theory and Computational Methods}},
	publisher={Cambridge University Press},
	year={2006}
}
@article{Koopmn-1934,
	author={Tjallin Koopmnans},
	title={{Uber die Zuordnung von Wellenfunktionen und Eigenwerten zu den Einzelnen Elektronen Eines Atoms}},
	journal={Physica},
	volume={1},
	pages={104--113},
	year={1934}
}
@article{HK-1964,
	author={Paul Hohenberg and Walter Kohn},
	title={{Inhomogeneous Electron gas}},
	journal={Physical review},
	volume={136},
	pages={B864--B871},
	year={1964}
}
@article{PhysRevB.37.10685,
	title = {Current- and spin-density-functional theory for inhomogeneous electronic systems in strong magnetic fields},
	author = {Vignale, G. and Rasolt, Mark},
	journal = {Phys. Rev. B},
	volume = {37},
	issue = {18},
	pages = {10685--10696},
	numpages = {0},
	year = {1988},
	month = {Jun},
	publisher = {American Physical Society},
	doi = {10.1103/PhysRevB.37.10685},
	url = {https://link.aps.org/doi/10.1103/PhysRevB.37.10685}
}
@article{PhysRev.140.A1133,
	title = {Self-Consistent Equations Including Exchange and Correlation Effects},
	author = {Kohn, W. and Sham, L. J.},
	journal = {Phys. Rev.},
	volume = {140},
	issue = {4A},
	pages = {A1133--A1138},
	numpages = {0},
	year = {1965},
	month = {Nov},
	publisher = {American Physical Society},
	doi = {10.1103/PhysRev.140.A1133},
	url = {https://link.aps.org/doi/10.1103/PhysRev.140.A1133}
}
@article{PhysRevB.31.1770,
	title = {Simplified method for calculating the energy of weakly interacting fragments},
	author = {Harris, J.},
	journal = {Phys. Rev. B},
	volume = {31},
	issue = {4},
	pages = {1770--1779},
	numpages = {0},
	year = {1985},
	month = {Feb},
	publisher = {American Physical Society},
	doi = {10.1103/PhysRevB.31.1770},
	url = {https://link.aps.org/doi/10.1103/PhysRevB.31.1770}
}
@article{PhysRevA.29.1648,
	title = {Adiabatic-connection approach to Kohn-Sham theory},
	author = {Harris, J.},
	journal = {Phys. Rev. A},
	volume = {29},
	issue = {4},
	pages = {1648--1659},
	numpages = {0},
	year = {1984},
	month = {Apr},
	publisher = {American Physical Society},
	doi = {10.1103/PhysRevA.29.1648},
	url = {https://link.aps.org/doi/10.1103/PhysRevA.29.1648}
}
@article{Harris1974TheSE,
	title={The surface energy of a bounded electron gas},
	author={J. Harris and R. Jones},
	journal={Journal of Physics F: Metal Physics},
	year={1974},
	volume={4},
	pages={1170-1186}
}
@article{PhysRev.140.A1133,
	title = {Self-Consistent Equations Including Exchange and Correlation Effects},
	author = {Kohn, W. and Sham, L. J.},
	journal = {Phys. Rev.},
	volume = {140},
	issue = {4A},
	pages = {A1133--A1138},
	numpages = {0},
	year = {1965},
	month = {Nov},
	publisher = {American Physical Society},
	doi = {10.1103/PhysRev.140.A1133},
	url = {https://link.aps.org/doi/10.1103/PhysRev.140.A1133}
}
@article{PhysRevLett.22.807,
	title = {Improved Statistical Exchange Approximation for Inhomogeneous Many-Electron Systems},
	author = {Herman, Frank and Van Dyke, John P. and Ortenburger, Irene B.},
	journal = {Phys. Rev. Lett.},
	volume = {22},
	issue = {16},
	pages = {807--811},
	numpages = {0},
	year = {1969},
	month = {Apr},
	publisher = {American Physical Society},
	doi = {10.1103/PhysRevLett.22.807},
	url = {https://link.aps.org/doi/10.1103/PhysRevLett.22.807}
}
@article{Perdew1996ComparisonSF,
	title={Comparison shopping for a gradient-corrected density functional},
	author={J. P. Perdew and K. Burke},
	journal={International Journal of Quantum Chemistry},
	year={1996},
	volume={57},
	pages={309-319}
}
@article{PhysRevLett.77.3865,
	title = {Generalized Gradient Approximation Made Simple},
	author = {Perdew, John P. and Burke, Kieron and Ernzerhof, Matthias},
	journal = {Phys. Rev. Lett.},
	volume = {77},
	issue = {18},
	pages = {3865--3868},
	numpages = {0},
	year = {1996},
	month = {Oct},
	publisher = {American Physical Society},
	doi = {10.1103/PhysRevLett.77.3865},
	url = {https://link.aps.org/doi/10.1103/PhysRevLett.77.3865}
}
@article{PhysRevLett.76.660,
	title = {Generalized Gradient Theory for Silica Phase Transitions},
	author = {Hamann, D. R.},
	journal = {Phys. Rev. Lett.},
	volume = {76},
	issue = {4},
	pages = {660--663},
	numpages = {0},
	year = {1996},
	month = {Jan},
	publisher = {American Physical Society},
	doi = {10.1103/PhysRevLett.76.660},
	url = {https://link.aps.org/doi/10.1103/PhysRevLett.76.660}
}
@article{PhysRevB.50.4954,
	title = {Implementation of gradient-corrected exchange-correlation potentials in Car-Parrinello total-energy calculations},
	author = {White, J. A. and Bird, D. M.},
	journal = {Phys. Rev. B},
	volume = {50},
	issue = {7},
	pages = {4954--4957},
	numpages = {0},
	year = {1994},
	month = {Aug},
	publisher = {American Physical Society},
	doi = {10.1103/PhysRevB.50.4954},
	url = {https://link.aps.org/doi/10.1103/PhysRevB.50.4954}
}
@article{doi:10.1080/00018738700101042,
	author = { G.P.   Srivastava  and  D.   Weaire },
	title = {The theory of the cohesive energies of solids},
	journal = {Advances in Physics},
	volume = {36},
	number = {4},
	pages = {463-517},
	year  = {1987},
	publisher = {Taylor & Francis},
	doi = {10.1080/00018738700101042},
	
	URL = { 
	https://doi.org/10.1080/00018738700101042
	
	},
	eprint = { 
	https://doi.org/10.1080/00018738700101042
	
	}
	
}

@article{PhysRevB.61.4576,
	title = {Extreme softening of Vanderbilt pseudopotentials: General rules and case studies of first-row and d-electron elements},
	author = {Furthm\"uller, J. and K\"ackell, P. and Bechstedt, F. and Kresse, G.},
	journal = {Phys. Rev. B},
	volume = {61},
	issue = {7},
	pages = {4576--4587},
	numpages = {0},
	year = {2000},
	month = {Feb},
	publisher = {American Physical Society},
	doi = {10.1103/PhysRevB.61.4576},
	url = {https://link.aps.org/doi/10.1103/PhysRevB.61.4576}
}
@article{PhysRevB.13.5188,
	title = {Special points for Brillouin-zone integrations},
	author = {Monkhorst, Hendrik J. and Pack, James D.},
	journal = {Phys. Rev. B},
	volume = {13},
	issue = {12},
	pages = {5188--5192},
	numpages = {0},
	year = {1976},
	month = {Jun},
	publisher = {American Physical Society},
	doi = {10.1103/PhysRevB.13.5188},
	url = {https://link.aps.org/doi/10.1103/PhysRevB.13.5188}
}
@article{PhysRev.56.340,
	title = {Forces in Molecules},
	author = {Feynman, R. P.},
	journal = {Phys. Rev.},
	volume = {56},
	issue = {4},
	pages = {340--343},
	numpages = {0},
	year = {1939},
	month = {Aug},
	publisher = {American Physical Society},
	doi = {10.1103/PhysRev.56.340},
	url = {https://link.aps.org/doi/10.1103/PhysRev.56.340}
}
@BOOK{Hellman-1937,
	author={Hans Hellmann},
	title={{Einführung in die Quantenchemie}},
	publisher={Deuticke, Leipzig},
	year={1937}
}
@article{PhysRev.116.287,
	title = {New Method for Calculating Wave Functions in Crystals and Molecules},
	author = {Phillips, James C. and Kleinman, Leonard},
	journal = {Phys. Rev.},
	volume = {116},
	issue = {2},
	pages = {287--294},
	numpages = {0},
	year = {1959},
	month = {Oct},
	publisher = {American Physical Society},
	doi = {10.1103/PhysRev.116.287},
	url = {https://link.aps.org/doi/10.1103/PhysRev.116.287}
}
@article{PhysRev.57.1169,
	title = {A New Method for Calculating Wave Functions in Crystals},
	author = {Herring, Conyers},
	journal = {Phys. Rev.},
	volume = {57},
	issue = {12},
	pages = {1169--1177},
	numpages = {0},
	year = {1940},
	month = {Jun},
	publisher = {American Physical Society},
	doi = {10.1103/PhysRev.57.1169},
	url = {https://link.aps.org/doi/10.1103/PhysRev.57.1169}
}
@article{PhysRevLett.43.1494,
	title = {Norm-Conserving Pseudopotentials},
	author = {Hamann, D. R. and Schl\"uter, M. and Chiang, C.},
	journal = {Phys. Rev. Lett.},
	volume = {43},
	issue = {20},
	pages = {1494--1497},
	numpages = {0},
	year = {1979},
	month = {Nov},
	publisher = {American Physical Society},
	doi = {10.1103/PhysRevLett.43.1494},
	url = {https://link.aps.org/doi/10.1103/PhysRevLett.43.1494}
}
@article{PhysRevB.26.4199,
	title = {{Pseudopotentials that work: From H to Pu}},
	author = {Bachelet, G. B. and Hamann, D. R. and Schl\"uter, M.},
	journal = {Phys. Rev. B},
	volume = {26},
	issue = {8},
	pages = {4199--4228},
	numpages = {0},
	year = {1982},
	month = {Oct},
	publisher = {American Physical Society},
	doi = {10.1103/PhysRevB.26.4199},
	url = {https://link.aps.org/doi/10.1103/PhysRevB.26.4199}
}
@BOOK{Ziman-1972,
	author={J.M. Ziman},
	title={{Principles of the Theory of Solids}},
	publisher={Cambridge University Press},
	year={1972}
}
@article{PhysRev.163.604,
	title = {Reformulation of the Screened Heine-Abarenkov Model Potential},
	author = {Shaw, Robert W. and Harrison, Walter A.},
	journal = {Phys. Rev.},
	volume = {163},
	issue = {3},
	pages = {604--611},
	numpages = {0},
	year = {1967},
	month = {Nov},
	publisher = {American Physical Society},
	doi = {10.1103/PhysRev.163.604},
	url = {https://link.aps.org/doi/10.1103/PhysRev.163.604}
}
@article{pickett_1989, title={Pseudopotential methods in condensed matter applications}, volume={9}, DOI={10.1016/0167-7977(89)90002-6}, number={3}, journal={Computer Physics Reports}, author={Pickett, Warren E.}, year={1989}, pages={115–197}} 
@article{PhysRevB.34.2920,
	title = {Spin-orbit splitting in semiconductors and insulators from the ab initio pseudopotential},
	author = {Hybertsen, Mark S. and Louie, Steven G.},
	journal = {Phys. Rev. B},
	volume = {34},
	issue = {4},
	pages = {2920--2922},
	numpages = {0},
	year = {1986},
	month = {Aug},
	publisher = {American Physical Society},
	doi = {10.1103/PhysRevB.34.2920},
	url = {https://link.aps.org/doi/10.1103/PhysRevB.34.2920}
}
@article{PhysRevB.64.073106,
	title = {Self-consistent treatment of spin-orbit coupling in solids using relativistic fully separable ab initio pseudopotentials},
	author = {Theurich, Gerhard and Hill, Nicola A.},
	journal = {Phys. Rev. B},
	volume = {64},
	issue = {7},
	pages = {073106},
	numpages = {4},
	year = {2001},
	month = {Jul},
	publisher = {American Physical Society},
	doi = {10.1103/PhysRevB.64.073106},
	url = {https://link.aps.org/doi/10.1103/PhysRevB.64.073106}
}
@article{PhysRevB.59.1758,
	title = {From ultrasoft pseudopotentials to the projector augmented-wave method},
	author = {Kresse, G. and Joubert, D.},
	journal = {Phys. Rev. B},
	volume = {59},
	issue = {3},
	pages = {1758--1775},
	numpages = {0},
	year = {1999},
	month = {Jan},
	publisher = {American Physical Society},
	doi = {10.1103/PhysRevB.59.1758},
	url = {https://link.aps.org/doi/10.1103/PhysRevB.59.1758}
}
@article{PhysRevB.50.17953,
	title = {Projector augmented-wave method},
	author = {Bl\"ochl, P. E.},
	journal = {Phys. Rev. B},
	volume = {50},
	issue = {24},
	pages = {17953--17979},
	numpages = {0},
	year = {1994},
	month = {Dec},
	publisher = {American Physical Society},
	doi = {10.1103/PhysRevB.50.17953},
	url = {https://link.aps.org/doi/10.1103/PhysRevB.50.17953}
}
@article{doi:10.1063/1.2338035,
	author = {Marsman,M.  and Kresse,G. },
	title = {Relaxed core projector-augmented-wave method},
	journal = {The Journal of Chemical Physics},
	volume = {125},
	number = {10},
	pages = {104101},
	year = {2006},
	doi = {10.1063/1.2338035},
	
	URL = { 
	https://doi.org/10.1063/1.2338035
	
	},
	eprint = { 
	https://doi.org/10.1063/1.2338035
	
	}
	
}





