@BOOK{spin-2016,
	author={Wenqing Liu and Yongbing Xu},
	title={{Spintronic 2D materials : fundamentals and applications}},
	publisher={Elsevier},
	year={2020}
}
@BOOK{spintronics-2016,
	author={Supriyo Bandyopadhyay and Marc Cahay},
	title={{Introduction to Spintronics}},
	publisher={CRC Press},
	year={2016}
}
@BOOK{spinW-2009,
	author={Anil Prabhakar and Daniel D. Stancil},
	title={{Spin Waves, Theory and Applications}},
	publisher={Springer},
	year={2009}
}
@BOOK{magnon-2020,
	author={Sergio M. Rezende},
	title={{Fundamentals of Magnonics}},
	publisher={Springer},
	year={2020}
}
@article{grap-2005,
	author={K. S. Novoselov and A. K. Geim and S. V. Morozov, D. Jiang and M. I. Katsnelson and I. V. Grigorieva and S. V. Dubonos and A. A. Firsov},
	title={{Two-dimensional gas of massless Dirac fermions in graphene}},
	journal={Nature},
	pages={197–200},
	volume={438},
	year={2005}
}
@article{tmds-2013,
	author={Manish Chhowalla and Hyeon Suk Shin and Goki Eda and Lain-Jong Li and Kian Ping Loh and Hua Zhang},
	title={{The chemistry of two-dimensional layered  transition metal dichalcogenide nanosheets}},
	journal={Nature Chemistry},
	pages={263–275},
	volume={5},
	year={2013}
}
@BOOK{tmds-2016,
	author={Alexander V. Kolobov and Junji Tominaga},
	title={{Two-Dimensional Transition-Metal Dichalcogenides}},
	publisher={Springer},
	year={2016}
}
@BOOK{MOp-1997,
	author={A.K Zvezdin and V.A Kotov},
	title={{Modern Magnetooptics and Magnetooptical Materials}},
	publisher={CRC Press},
	year={1997}
}
@BOOK{MOp-2008,
	author={B. D. Cullity and C. D. Graham},
	title={{Introduction to Magnetic Materials}},
	publisher={Wiley},
	year={2008}
}
@article{PhysRevB.103.125409,
	title = {Intrinsic and extrinsic spin-orbit coupling and spin relaxation in monolayer ${\mathrm{PtSe}}_{2}$},
	author = {Kurpas, Marcin and Fabian, Jaroslav},
	journal = {Phys. Rev. B},
	volume = {103},
	issue = {12},
	pages = {125409},
	numpages = {9},
	year = {2021},
	month = {Mar},
	publisher = {American Physical Society},
	doi = {10.1103/PhysRevB.103.125409},
	url = {https://link.aps.org/doi/10.1103/PhysRevB.103.125409}
}
