@article{Kerr_1888,
	author={John Kerr},
	title = {{XLIII. On rotation of the plane of polarization by reflection from the pole of a magnet}},
	journal = {The London, Edinburgh, and Dublin Philosophical Magazine and Journal of Science},
	volume = {3},
	number = {19},
	pages = {321-343},
	year  = {1877},
	publisher = {Taylor & Francis},
	doi = {10.1080/14786447708639245}
}
@article{You_1996,
	author = {You,Chun‐Yeol  and Shin,Sung‐Chul },
	title = {{Derivation of simplified analytic formulae for magneto‐optical Kerr effects}},
	journal = {Applied Physics Letters},
	volume = {69},
	number = {9},
	pages = {1315-1317},
	year = {1996},
	doi = {10.1063/1.117579}
}
@book{mo_2004,
	author={Victor Antonov and  Bruce Harmon and  Alexander Yaresko},
	title={{Electronic Structure and Magneto-Optical Properties of Solids}},
	publisher={Springer Netherlands},
	year={2004}
}
@article{doi:10.1063/1.3669782,
	author = {Arora,Ashish  and Ghosh,Sandip  and Sugunakar,Vasam },
	title = {A mirror based polar magneto-optical Kerr effect spectroscopy arrangement},
	journal = {Review of Scientific Instruments},
	volume = {82},
	number = {12},
	pages = {123903},
	year = {2011},
	doi = {10.1063/1.3669782},
	
	URL = { 
	https://doi.org/10.1063/1.3669782
	
	},
	eprint = { 
	https://doi.org/10.1063/1.3669782
	
	}
	
}

@article{Kim_1993,
	doi = {10.1088/0957-0233/4/11/016},
	url = {https://doi.org/10.1088/0957-0233/4/11/016},
	year = 1993,
	month = {nov},
	publisher = {{IOP} Publishing},
	volume = {4},
	number = {11},
	pages = {1275--1280},
	author = {W S Kim and M Aderholz and W Kleemann},
	title = {Calibration of polar Kerr rotation and ellipticity measurements},
	journal = {Measurement Science and Technology}
}
@article{PhysRevLett.52.997,
	title = {Density-Functional Theory for Time-Dependent Systems},
	author = {Runge, Erich and Gross, E. K. U.},
	journal = {Phys. Rev. Lett.},
	volume = {52},
	issue = {12},
	pages = {997--1000},
	numpages = {0},
	year = {1984},
	month = {Mar},
	publisher = {American Physical Society},
	doi = {10.1103/PhysRevLett.52.997},
	url = {https://link.aps.org/doi/10.1103/PhysRevLett.52.997}
}
@article{Aryasetiawan_1998,
	doi = {10.1088/0034-4885/61/3/002},
	url = {https://doi.org/10.1088/0034-4885/61/3/002},
	year = 1998,
	month = {mar},
	publisher = {{IOP} Publishing},
	volume = {61},
	number = {3},
	pages = {237--312},
	author = {F Aryasetiawan and O Gunnarsson},
	title = {{TheGWmethod}},
	journal = {Reports on Progress in Physics}
}
@article{PhysRevB.64.235106,
	title = {Diagrammatic self-energy approximations and the total particle number},
	author = {Schindlmayr, Arno and Garc\'{\i}a-Gonz\'alez, P. and Godby, R. W.},
	journal = {Phys. Rev. B},
	volume = {64},
	issue = {23},
	pages = {235106},
	numpages = {6},
	year = {2001},
	month = {Nov},
	publisher = {American Physical Society},
	doi = {10.1103/PhysRevB.64.235106},
	url = {https://link.aps.org/doi/10.1103/PhysRevB.64.235106}
}

@article{PhysRev.84.1232,
	title = {A Relativistic Equation for Bound-State Problems},
	author = {Salpeter, E. E. and Bethe, H. A.},
	journal = {Phys. Rev.},
	volume = {84},
	issue = {6},
	pages = {1232--1242},
	numpages = {0},
	year = {1951},
	month = {Dec},
	publisher = {American Physical Society},
	doi = {10.1103/PhysRev.84.1232},
	url = {https://link.aps.org/doi/10.1103/PhysRev.84.1232}
}


