@article{Giannozzi_2009,
	doi = {10.1088/0953-8984/21/39/395502},
	url = {https://doi.org/10.1088/0953-8984/21/39/395502},
	year = 2009,
	month = {sep},
	publisher = {@article{DU2018476,
	title = {{Elastic, electronic and optical properties of the two-dimensional PtX2 (X = S, Se, and Te) monolayer}},
	journal = {Applied Surface Science},
	volume = {435},
	pages = {476-482},
	year = {2018},
	issn = {0169-4332},
	doi = {https://doi.org/10.1016/j.apsusc.2017.11.106},
	url = {https://www.sciencedirect.com/science/article/pii/S0169433217333780},
	author = {Juan Du and Peng Song and Lizhen Fang and Tianxing Wang and Zhongming Wei and Jingbo Li and Congxin Xia}
	
	}{IOP} Publishing},
	volume = {21},
	number = {39},
	pages = {395502},
	author = {Paolo Giannozzi and Stefano Baroni and Nicola Bonini and Matteo Calandra and Roberto Car and Carlo Cavazzoni and Davide Ceresoli and Guido L Chiarotti and Matteo Cococcioni and Ismaila Dabo and Andrea Dal Corso and Stefano de Gironcoli and Stefano Fabris and Guido Fratesi and Ralph Gebauer and Uwe Gerstmann and Christos Gougoussis and Anton Kokalj and Michele Lazzeri and Layla Martin-Samos and Nicola Marzari and Francesco Mauri and Riccardo Mazzarello and Stefano Paolini and Alfredo Pasquarello and Lorenzo Paulatto and Carlo Sbraccia and Sandro Scandolo and Gabriele Sclauzero and Ari P Seitsonen and Alexander Smogunov and Paolo Umari and Renata M Wentzcovitch},
	title = {{QUANTUM} {ESPRESSO}: a modular and open-source software project for quantum simulations of materials},
	journal = {Journal of Physics: Condensed Matter}
}
@article{Giannozzi_2017,
	doi = {10.1088/1361-648x/aa8f79},
	url = {https://doi.org/10.1088/1361-648x/aa8f79},
	year = 2017,
	month = {oct},
	publisher = {{IOP} Publishing},
	volume = {29},
	number = {46},
	pages = {465901},
	author = {P Giannozzi and O Andreussi and T Brumme and O Bunau and M Buongiorno Nardelli and M Calandra and R Car and C Cavazzoni and D Ceresoli and M Cococcioni and N Colonna and I Carnimeo and A Dal Corso and S de Gironcoli and P Delugas and R A DiStasio and A Ferretti and A Floris and G Fratesi and G Fugallo and R Gebauer and U Gerstmann and F Giustino and T Gorni and J Jia and M Kawamura and H-Y Ko and A Kokalj and E Kü{\c{c}}ükbenli and M Lazzeri and M Marsili and N Marzari and F Mauri and N L Nguyen and H-V Nguyen and A Otero-de-la-Roza and L Paulatto and S Ponc{\'{e}} and D Rocca and R Sabatini and B Santra and M Schlipf and A P Seitsonen and A Smogunov and I Timrov and T Thonhauser and P Umari and N Vast and X Wu and S Baroni},
	title = {Advanced capabilities for materials modelling with Quantum {ESPRESSO}},
	journal = {Journal of Physics: Condensed Matter}
}
@article{Momma:db5098,
	author = "Momma, Koichi and Izumi, Fujio",
	title = "{{\it VESTA3} for three-dimensional visualization of crystal, volumetric and morphology data}",
	journal = "Journal of Applied Crystallography",
	year = "2011",
	volume = "44",
	number = "6",
	pages = "1272--1276",
	month = "Dec",
	doi = {10.1107/S0021889811038970},
	url = {https://doi.org/10.1107/S0021889811038970}
}
@article{Jain2013,
	author = {Jain, Anubhav and Ong, Shyue Ping and Hautier, Geoffroy and Chen, Wei and Richards, William Davidson and Dacek, Stephen and Cholia, Shreyas and Gunter, Dan and Skinner, David and Ceder, Gerbrand and Persson, Kristin a.},
	doi = {10.1063/1.4812323},
	issn = {2166532X},
	journal = {APL Materials},
	number = {1},
	pages = {011002},
	title = {{The Materials Project: A materials genome approach to accelerating materials innovation}},
	url = {http://link.aip.org/link/AMPADS/v1/i1/p011002/s1\&Agg=doi},
	volume = {1},
	year = {2013}
}
@misc{osti_1308135,
	author = "Persson, Kristin",
	title = "Materials Data on VS2 (SG:2) by Materials Project",
	abstractNote = "Computed materials data using density functional theory calculations. These calculations determine the electronic structure of bulk materials by solving approximations to the Schrodinger equation. For more information, see https://materialsproject.org/docs/calculations",
	doi = "10.17188/1308135",
	place = "United States",
	year = "2016",
	month = "2"
}
@misc{osti_1284665,
	author = "Persson, Kristin",
	title = "Materials Data on VSe2 (SG:164) by Materials Project",
	abstractNote = "Computed materials data using density functional theory calculations. These calculations determine the electronic structure of bulk materials by solving approximations to the Schrodinger equation. For more information, see https://materialsproject.org/docs/calculations",
	doi = "10.17188/1284665",
	place = "United States",
	year = "2016",
	month = "7"
}
@misc{osti_1292393,
	author = "Persson, Kristin",
	title = "Materials Data on PtS2 (SG:164) by Materials Project",
	abstractNote = "Computed materials data using density functional theory calculations. These calculations determine the electronic structure of bulk materials by solving approximations to the Schrodinger equation. For more information, see https://materialsproject.org/docs/calculations",
	doi = "10.17188/1292393",
	place = "United States",
	year = "2014",
	month = "7",
}
@misc{osti_1187595,
	author = "Persson, Kristin",
	title = "Materials Data on PtSe2 (SG:164) by Materials Project",
	abstractNote = "Computed materials data using density functional theory calculations. These calculations determine the electronic structure of bulk materials by solving approximations to the Schrodinger equation. For more information, see https://materialsproject.org/docs/calculations",
	doi = "10.17188/1187595",
	place = "United States",
	year = "2014",
	month = "11",
}

@article{kokalj_1999, 
	title={XCrySDen—a new program for displaying crystalline structures and electron densities}, 
	volume={17}, 
	DOI={10.1016/s1093-3263(99)00028-5}, 
	number={3-4}, 
	journal={Journal of Molecular Graphics and Modelling}, 
	author={Kokalj, Anton}, 
	year={1999}, 
	pages={176–179}
}
@book{fuji_2005,
	author={Hiroyuki Fujiwara},
	title={{Spectroscopic Ellipsometry, principles and aplications}},
	publisher={Wiley},
	year={2007}
}
@book{magMan_1,
      title={{Fundamentals and Applications of Magnetic Materials}},
      author={Kannan M. Krishnan},
      publisher={Oxford},
      year={2016}
  }
@book{magMan_2,
	title={{Introduction to Magnetism and Magnetic Materials }},
	author={David Jiles},
	publisher={CRC Press},
	year={2015}
}