@article{doi:10.1098/rspa.1928.0023,
	author = {Dirac, Paul Adrien Maurice  and Fowler, Ralph Howard },
	title = {The quantum theory of the electron},
	journal = {Proceedings of the Royal Society of London. Series A, Containing Papers of a Mathematical and Physical Character},
	volume = {117},
	number = {778},
	pages = {610-624},
	year = {1928},
	doi = {10.1098/rspa.1928.0023},
	
	URL = {https://royalsocietypublishing.org/doi/abs/10.1098/rspa.1928.0023},
	eprint = {https://royalsocietypublishing.org/doi/pdf/10.1098/rspa.1928.0023}
	
}
@article{doi:10.1098/rspa.1928.0056,
	author = {Dirac, Paul Adrien Maurice  and Fowler, Ralph Howard },
	title = {{The quantum theory of the Electron. Part II}},
	journal = {Proceedings of the Royal Society of London. Series A, Containing Papers of a Mathematical and Physical Character},
	volume = {118},
	number = {779},
	pages = {351-361},
	year = {1928},
	doi = {10.1098/rspa.1928.0056},
	
	URL = {https://royalsocietypublishing.org/doi/abs/10.1098/rspa.1928.0056},
	eprint = {https://royalsocietypublishing.org/doi/pdf/10.1098/rspa.1928.0056}
}
 @article{pauli_1927, title={Zur Quantenmechanik DES magnetischen Elektrons}, volume={43}, DOI={10.1007/bf01397326}, number={9-10}, journal={Zeitschrift für Physik}, author={Pauli, W.}, year={1927}, pages={601–623}} 
 @article{PhysRev.78.29,
 	title = {On the Dirac Theory of Spin 1/2 Particles and Its Non-Relativistic Limit},
 	author = {Foldy, Leslie L. and Wouthuysen, Siegfried A.},
 	journal = {Phys. Rev.},
 	volume = {78},
 	issue = {1},
 	pages = {29--36},
 	numpages = {0},
 	year = {1950},
 	month = {Apr},
 	publisher = {American Physical Society},
 	doi = {10.1103/PhysRev.78.29},
 	url = {https://link.aps.org/doi/10.1103/PhysRev.78.29}
 }
 @incollection{flugge_quantum_1957,
 	address = {Berlin, Heidelberg},
 	title = {Quantum {Mechanics} of {One}- and {Two}-{Electron} {Systems}},
 	volume = {7 / 35},
 	isbn = {9783642458712 9783642458699},
 	url = {http://link.springer.com/10.1007/978-3-642-45869-9_2},
 	urldate = {2021-08-09},
 	booktitle = {Atoms {I} / {Atome} {I}},
 	publisher = {Springer Berlin Heidelberg},
 	author = {Bethe, H. A. and Salpeter, E. E.},
 	editor = {Flügge, S.},
 	collaborator = {Cohen, E. Richard and DuMond, Jesse W. M. and Bethe, H. A. and Salpeter, E. E.},
 	year = {1957},
 	doi = {10.1007/978-3-642-45869-9_2},
 	pages = {88--436},
 }
@BOOK{Jackson-1975,
	author={John David Jackson},
	title={{Classical Electrodynamics}},
	publisher={Wiley,},
	year={1975}
}
@article{Scott_1980,
	doi = {10.1088/0022-3700/13/21/022},
	url = {https://doi.org/10.1088/0022-3700/13/21/022},
	year = 1980,
	month = {nov},
	publisher = {{IOP} Publishing},
	volume = {13},
	number = {21},
	pages = {4299--4314},
	author = {N S Scott and P G Burke},
	title = {Electron scattering by atoms and ions using the Breit-Pauli Hamiltonian: an R-matrix approach},
	journal = {Journal of Physics B: Atomic and Molecular Physics}}

@article{Koelling_1977,
	doi = {10.1088/0022-3719/10/16/019},
	url = {https://doi.org/10.1088/0022-3719/10/16/019},
	year = 1977,
	month = {aug},
	publisher = {{IOP} Publishing},
	volume = {10},
	number = {16},
	pages = {3107--3114},
	author = {D D Koelling and B N Harmon},
	title = {A technique for relativistic spin-polarised calculations},
	journal = {Journal of Physics C: Solid State Physics}
}

@article{PhysRevB.64.073106,
	title = {Self-consistent treatment of spin-orbit coupling in solids using relativistic fully separable ab initio pseudopotentials},
	author = {Theurich, Gerhard and Hill, Nicola A.},
	journal = {Phys. Rev. B},
	volume = {64},
	issue = {7},
	pages = {073106},
	numpages = {4},
	year = {2001},
	month = {Jul},
	publisher = {American Physical Society},
	doi = {10.1103/PhysRevB.64.073106},
	url = {https://link.aps.org/doi/10.1103/PhysRevB.64.073106}
}

@article{PhysRevB.62.11556,
	title = {Fully unconstrained noncollinear magnetism within the projector augmented-wave method},
	author = {Hobbs, D. and Kresse, G. and Hafner, J.},
	journal = {Phys. Rev. B},
	volume = {62},
	issue = {17},
	pages = {11556--11570},
	numpages = {0},
	year = {2000},
	month = {Nov},
	publisher = {American Physical Society},
	doi = {10.1103/PhysRevB.62.11556},
	url = {https://link.aps.org/doi/10.1103/PhysRevB.62.11556}
}

@article{PhysRevB.59.4699,
	title = {Magnetic anisotropy in density-functional theory},
	author = {Jansen, H. J. F.},
	journal = {Phys. Rev. B},
	volume = {59},
	issue = {7},
	pages = {4699--4707},
	numpages = {0},
	year = {1999},
	month = {Feb},
	publisher = {American Physical Society},
	doi = {10.1103/PhysRevB.59.4699},
	url = {https://link.aps.org/doi/10.1103/PhysRevB.59.4699}
}
