@article{doi:10.1063/1.4955468,
	author = {Zhang,Wei  and Guo,Hai Tao  and Jiang,Jing  and Tao,Qiu Chen  and Song,Xiao Jiao  and Li,Hao  and Huang,Jie },
	title = {Magnetism and magnetocrystalline anisotropy in single-layer PtSe2: Interplay between strain and vacancy},
	journal = {Journal of Applied Physics},
	volume = {120},
	number = {1},
	pages = {013904},
	year = {2016},
	doi = {10.1063/1.4955468},
}
@article{datexpPt,
	author={Sigrid Furuseth  and  Kari Selte  and Arne Kjekshus},
	title={{Redetermined Crystal Structures of NiTe2, PdTe2, PtS2, PtSe2, and PtTe2.}},
	journal={Acta Chemica Scandinavica},
	volume={19},
	number={257},
	year={1965}
}
@article{doi:10.1021/jp405808a,
	author = {Zhuang, Houlong L. and Hennig, Richard G.},
	title = {Computational Search for Single-Layer Transition-Metal Dichalcogenide Photocatalysts},
	journal = {The Journal of Physical Chemistry C},
	volume = {117},
	number = {40},
	pages = {20440-20445},
	year = {2013},
	doi = {10.1021/jp405808a},
	
	URL = { 
	https://doi.org/10.1021/jp405808a
	
	},
	eprint = { 
	https://doi.org/10.1021/jp405808a
	
	}
	
	
}

@article{https://doi.org/10.1002/adma.201504572,
	author = {Zhao, Yuda and Qiao, Jingsi and Yu, Peng and Hu, Zhixin and Lin, Ziyuan and Lau, Shu Ping and Liu, Zheng and Ji, Wei and Chai, Yang},
	title = {{Extraordinarily Strong Interlayer Interaction in 2D Layered PtS2}},
	journal = {Advanced Materials},
	volume = {28},
	number = {12},
	pages = {2399-2407},
	doi = {https://doi.org/10.1002/adma.201504572},
	url = {https://onlinelibrary.wiley.com/doi/abs/10.1002/adma.201504572},
	year = {2016}
}
@article{DU201,
	title={{elasic, electronic and optical properties of the two dimensional PtX2 (X= S,Se, te) monolayer}},
	journal = {Applied Surface Science},
	volume = {435},
	pages = {476-482},
	year = {2018},
	issn = {0169-4332},
	doi = {https://doi.org/10.1016/j.apsusc.2017.11.106},
	url = {https://www.sciencedirect.com/science/article/pii/S0169433217333780},
	author = {Juan Du and Peng Song and Lizhen Fang and Tianxing Wang and Zhongming Wei and Jingbo Li and Congxin Xia}
	
}
@article{expVse,
	author = {Hoschek, Ernst and Klemm, Wilhelm},
	title = {Vanadinselenide},
	journal = {Zeitschrift f√ºr anorganische und allgemeine Chemie},
	volume = {242},
	number = {1},
	pages = {49-62},
	doi = {https://doi.org/10.1002/zaac.19392420106},
	url = {https://onlinelibrary.wiley.com/doi/abs/10.1002/zaac.19392420106},
	eprint = {https://onlinelibrary.wiley.com/doi/pdf/10.1002/zaac.19392420106},
	year = {1939}
}
@Article{C9QI01142K,
	author ={Xu Jun and Zhu Yuan and Yu Bansui and Fang Changji and Zhang Junjun},
	title  ={{Metallic 1T-VS2 nanosheets featuring V2+ self-doping and mesopores towards an efficient hydrogen evolution reaction}},
	journal  ={Inorg. Chem. Front.},
	year  ={2019},
	volume  ={6},
	issue  ={12},
	pages  ={3510-3517},
	publisher  ={The Royal Society of Chemistry},
	doi  ={10.1039/C9QI01142K}
}
@article{Hoffmann_2019,
	doi = {10.1088/1361-648x/ab4d2f},
	url = {https://doi.org/10.1088/1361-648x/ab4d2f},
	year = 2019,
	month = {oct},
	publisher = {{IOP} Publishing},
	volume = {32},
	number = {5},
	pages = {055702},
	author = {Maria A Hoffmann and Apoorva Sharma and Patrick Matthes and Shun Okano and Olav Hellwig and Ramona Ecke and Dietrich R T Zahn and Georgeta Salvan and Stefan E Schulz},
	title = {Spectroscopic ellipsometry and magneto-optical Kerr effect spectroscopy study of thermally treated Co60Fe20B20 thin films},
	journal = {Journal of Physics: Condensed Matter}
}